@article{vsileika2006skurdas,
  title={Skurdas, jo matavimas ir tendencijos Lietuvoje},
  author={{\v{S}}ileika, Algis and Zabarauskait{\.e}, Rasa},
  journal={Ekonomika},
  volume={74},
  pages={64--77},
  year={2006}
}

@article{babachinaite2006saugumo,
  title={Saugumo jausmo ir nusikaltim{\k{u}} baim{\.e}s raida Lietuvoje},
  author={Babachinait{\.e}, Genovait{\.e}},
  journal={Jurisprudencija},
  number={1},
  pages={25--30},
  year={2006}
}

@article{kervsiene2011skurdas,
  title={Skurdas ir jo prie{\v{z}}astys Lietuvoje},
  author={Ker{\v{s}}ien{\.e}, Reda},
  journal={Ekonomika ir vadyba},
  number={16},
  pages={535--542},
  year={2011}
}

@article{vsileika2000gyventojku,
  title={Gyventoj{\k{u}} pajam{\k{u}} diferenciacija ir skurdas Lietuvoje},
  author={{\v{S}}ileika, Algis and Bla{\v{z}}ien{\.e}, Inga},
  journal={Pinig{\k{u}} studijos},
  number={3},
  pages={32--44},
  year={2000}
}

@article{tamutiene2005skurdo,
  title={Skurdo problemos ekonominio augimo s{\k{a}}lygomis Lietuvoje},
  author={Tamutien{\.e}, Ilona},
  journal={Vagos},
  number={68},
  pages={87--94},
  year={2005}
}

@article{gruvzevskis2015asmenku,
  title={Asmen{\k{u}}, neturin{\v{c}}i{\k{u}} pagrindinio i{\v{s}}silavinimo, integracijos {\k{i}} Lietuvos darbo rink{\k{a}} problemos},
  author={Gru{\v{z}}evskis, Boguslavas and Okunevi{\v{c}}i{\=u}t{\.e}-Neverauskien{\.e}, Laima and {\v{C}}esnuityt{\.e}, Vida},
  year={2015}
}

@article{neverauskiene2012nekigalikujku,
  title={Ne{\k{i}}gali{\k{u}}j{\k{u}} integracija {\k{i}} darbo rink{\k{a}}: pad{\.e}ties vertinimas ir u{\v{z}}imtumo didinimo galimyb{\.e}s},
  author={Neverauskien{\.e}, Laima Okunevi{\v{c}}i{\=u}t{\.e} and others},
  journal={FilosoFija. sociologija},
  number={2},
  pages={136--144},
  year={2012},
  publisher={Lietuvos moksl{\k{u}} akademijos leidykla}
}

@article{skaravsas2lenteliku,
  title={LENTELI{\k{U}} S{\k{A}}RA{\v{S}}AS},
  author={S{\k{A}}RA{\v{S}}AS, DIAGRAM{\k{U}}},
  journal={2. DINAMINIO ZONDAVIMO RODIKLIAI IR J{\k{U}} PA}
}

